@article{lelli2016sparc,
  author  = {Lelli, Federico and McGaugh, Stacy S. and Schombert, James M.},
  title   = {SPARC: Mass Models for 175 Disk Galaxies with Spitzer Photometry at 3.6 $\mu$m},
  journal = {The Astronomical Journal},
  year    = {2016},
  volume  = {152},
  number  = {6},
  pages   = {157},
  doi     = {10.3847/0004-6256/152/6/157}
}
@article{mcgaugh2016rar,
  author  = {McGaugh, Stacy S. and Lelli, Federico and Schombert, James M.},
  title   = {Radial Acceleration Relation in Rotationally Supported Galaxies},
  journal = {Physical Review Letters},
  year    = {2016},
  volume  = {117},
  pages   = {201101},
  doi     = {10.1103/PhysRevLett.117.201101}
}
@article{meidt2014mlr36,
  author  = {Meidt, S. E. and Schinnerer, E. and van de Ven, G. and others},
  title   = {Reconstructing the Stellar Mass Distributions of Galaxies from S$^4$G IRAC 3.6 $\mu$m Images: Implications for the Stellar Mass-to-Light Ratio},
  journal = {The Astrophysical Journal},
  year    = {2014},
  volume  = {788},
  number  = {2},
  pages   = {144},
  doi     = {10.1088/0004-637X/788/2/144}
}
@article{schombert2014cmlr,
  author  = {Schombert, James M. and McGaugh, Stacy S.},
  title   = {Color--Mass-to-Light Ratio Relations for Disk Galaxies},
  journal = {The Astronomical Journal},
  year    = {2014},
  volume  = {148},
  number  = {4},
  pages   = {77},
  doi     = {10.1088/0004-6256/148/4/77}
}
@article{dutton2014mcr,
  author  = {Dutton, Aaron A. and Macci{\`o}, Andrea V.},
  title   = {Cold Dark Matter Haloes in the Planck Era: Concentration--Mass Relation},
  journal = {Monthly Notices of the Royal Astronomical Society},
  year    = {2014},
  volume  = {441},
  number  = {4},
  pages   = {3359--3374},
  doi     = {10.1093/mnras/stu742}
}
@article{planck2018vi,
  author  = {{Planck Collaboration} and Aghanim, N. and Akrami, Y. and others},
  title   = {Planck 2018 Results. VI. Cosmological Parameters},
  journal = {Astronomy \& Astrophysics},
  year    = {2020},
  volume  = {641},
  pages   = {A6},
  doi     = {10.1051/0004-6361/201833910}
}
@article{rahvar2014_nonlocal_rotation,
  author  = {Rahvar, S. and Mashhoon, B.},
  title   = {Observational Tests of Nonlocal Gravity: Galaxy Rotation Curves and Clusters of Galaxies},
  journal = {Physical Review D},
  year    = {2014},
  volume  = {89},
  pages   = {104011},
  doi     = {10.1103/PhysRevD.89.104011}
}
@article{cisneros2014_lcm,
  author  = {Cisneros, S. and Oblath, N. S. and Formaggio, J. A. and others},
  title   = {The Luminous Convolution Model as an Alternative to Dark Matter in Spiral Galaxies},
  journal = {arXiv e-prints},
  year    = {2014},
  eprint  = {1407.7583},
  archivePrefix = {arXiv}
}
@article{milgrom1983mond,
  author = {Milgrom, Mordehai},
  title  = {A Modification of the Newtonian Dynamics as a Possible Alternative to the Hidden Mass Hypothesis},
  journal= {Astrophysical Journal},
  year   = {1983},
  volume = {270},
  pages  = {365--370},
  doi    = {10.1086/161130}
}
@article{bekenstein2004teves,
  author = {Bekenstein, Jacob D.},
  title  = {Relativistic Gravitation Theory for the MOND Paradigm},
  journal= {Physical Review D},
  year   = {2004},
  volume = {70},
  pages  = {083509},
  doi    = {10.1103/PhysRevD.70.083509}
}
@article{famaey2012mondreview,
  author = {Famaey, Benoit and McGaugh, Stacy S.},
  title  = {Modified Newtonian Dynamics (MOND): Observational Phenomenology and Relativistic Extensions},
  journal= {Living Reviews in Relativity},
  year   = {2012},
  volume = {15},
  pages  = {10},
  doi    = {10.12942/lrr-2012-10}
}
